@article{Campbell1988,
    author = {Duncan Campbell},
    title = {Somebody's Listening},
    year = {1988},
    journal = {NEW STATESMAN}
}

@Misc{CEDH,
  title = 	 {Convention europ\'eenne des droits de l'Homme},
  note = 	 {article 8},
}

@Article{ZDNET,
  author = 	 {Duncan Campbell},
  title = 	 {Echelon: World under watch, an introduction},
  journal = 	 {ZDNet},
  year = 	 {2000},
  OPTkey = 	 {},
  OPTvolume = 	 {},
  OPTnumber = 	 {},
  OPTpages = 	 {},
  OPTmonth = 	 {},
  OPTnote = 	 {},
  OPTannote = 	 {}
}

@Article{Stations,
  author = 	 {Floor Boon and Steven Derix and Huib Modderkolk},
  title = 	 {NSA infected 50,000 computer networks with malicious software},
  journal = 	 {NRC Handelsblad},
  year = 	 {2013},
  OPTkey = 	 {},
  OPTvolume = 	 {},
  OPTnumber = 	 {},
  OPTpages = 	 {},
  OPTmonth = 	 {},
  OPTnote = 	 {},
  OPTannote = 	 {}
}

@Article{WP91,
  author = 	 {Barton Gellman and Laura Poitras},
  title = 	 {U.S., British intelligence mining data from nine U.S. Internet companies in broad secret program},
  journal = 	 {Washington Post},
  year = 	 {2013},
  OPTkey = 	 {},
  OPTvolume = 	 {},
  OPTnumber = 	 {},
  OPTpages = 	 {},
  OPTmonth = 	 {},
  OPTnote = 	 {},
  OPTannote = 	 {}
}

@Article{WPGoogle,
  author = 	 {Craig Timberg},
  title = 	 {Google encrypts data amid backlash against NSA spying},
  journal = 	 {Washington Post},
  year = 	 {2014},
  OPTkey = 	 {},
  OPTvolume = 	 {},
  OPTnumber = 	 {},
  OPTpages = 	 {},
  OPTmonth = 	 {},
  OPTnote = 	 {},
  OPTannote = 	 {}
}
@Article{GGW,
  author = 	 {},
  title = 	 {Snowden-Interview: Transcript},
  journal = 	 {Norddeutscher Rundfunk},
  year = 	 {2014},
  OPTkey = 	 {},
  OPTvolume = 	 {},
  OPTnumber = 	 {},
  OPTpages = 	 {},
  OPTmonth = 	 {},
  OPTnote = 	 {},
  OPTannote = 	 {}
}

@Article{Kimery,
  author = 	 {Anthony L. Kimery},
  title = 	 {NSA X-KEYSCORE Does Far More Than Just Siphon The Net, But Is It Working ?},
  journal = 	 {Homeland Security Today},
  year = 	 {2013},
  OPTkey = 	 {},
  OPTvolume = 	 {},
  OPTnumber = 	 {},
  OPTpages = 	 {},
  OPTmonth = 	 {},
  OPTnote = 	 {},
  OPTannote = 	 {}
}

@Article{bullrun,
  author = 	 {Ryan W. Neal},
  title = 	 {Edward Snowden Reveals Secret Decryption Programs: 10 Things You Need To Know About Bullrun And Edgehill},
  journal = 	 {Inernationla Business Times},
  year = 	 {2013},
  OPTkey = 	 {},
  OPTvolume = 	 {},
  OPTnumber = 	 {},
  OPTpages = 	 {},
  OPTmonth = 	 {},
  OPTnote = 	 {},
  OPTannote = 	 {}
}

@Article{NYTenc,
  author = 	 {NICOLE PERLROTH and JEFF LARSON and SCOTT SHANE},
  title = 	 {N.S.A. Able to Foil Basic Safeguards of Privacy on Web},
  journal = 	 {The New York Times},
  year = 	 {Year},
  OPTkey = 	 {},
  OPTvolume = 	 {},
  OPTnumber = 	 {},
  OPTpages = 	 {},
  OPTmonth = 	 {},
  OPTnote = 	 {},
  OPTannote = 	 {}
}

@Article{Guardian,
  author = 	 {James Ball},
  title = 	 {NSA collects millions of text messages daily in 'untargeted' global sweep},
  journal = 	 {The Guardian},
  year = 	 {2014},
  OPTkey = 	 {},
  OPTvolume = 	 {},
  OPTnumber = 	 {},
  OPTpages = 	 {},
  OPTmonth = 	 {},
  OPTnote = 	 {},
  OPTannote = 	 {}
}

@Article{budget,
  author = 	 {Scott Shane},
  title = 	 {New Leaked Document Outlines U.S. Spending on Intelligence Agencies
  },
  journal = 	 {The New-York Times},
  year = 	 {2013},
  OPTkey = 	 {},
  OPTvolume = 	 {},
  OPTnumber = 	 {},
  OPTpages = 	 {},
  OPTmonth = 	 {},
  OPTnote = 	 {},
  OPTannote = 	 {}
}

@Article{Tempora,
  author = 	 {Ewen MacAskill and Julian Borger and Nick Hopkins and Nick Davies and James Ball},
  title = 	 {GCHQ taps fibre-optic cables for secret access to world's communications},
  journal = 	 {The Guardian},
  year = 	 {2013},
  OPTkey = 	 {},
  OPTvolume = 	 {},
  OPTnumber = 	 {},
  OPTpages = 	 {},
  OPTmonth = 	 {},
  OPTnote = 	 {},
  OPTannote = 	 {}
}

@Article{echange,
  author = 	 {Barton Gellman and Ashkan Soltani},
  title = 	 {NSA infiltrates links to Yahoo, Google data centers worldwide, Snowden documents say},
  journal = 	 {The Washington Post},
  year = 	 {2013},
  OPTkey = 	 {},
  OPTvolume = 	 {},
  OPTnumber = 	 {},
  OPTpages = 	 {},
  OPTmonth = 	 {},
  OPTnote = 	 {},
  OPTannote = 	 {}
}

@Article{Yahoo,
  author = 	 {Russell Brandom},
  title = 	 {Yahoo plans to encrypt all internal data by early 2014 to keep the NSA out},
  journal = 	 {The Verge},
  year = 	 {2013},
  OPTkey = 	 {},
  OPTvolume = 	 {},
  OPTnumber = 	 {},
  OPTpages = 	 {},
  OPTmonth = 	 {},
  OPTnote = 	 {},
  OPTannote = 	 {}
}

@Article{fbenc,
  author = 	 {},
  title = 	 {Snowden docs reveal British spies snooped on YouTube and Facebook},
  journal = 	 {NBC News},
  year = 	 {2014},
  OPTkey = 	 {},
  OPTvolume = 	 {},
  OPTnumber = 	 {},
  OPTpages = 	 {},
  OPTmonth = 	 {},
  OPTnote = 	 {},
  OPTannote = 	 {}
}

@Article{yahoocam,
  author = 	 {Spencer Ackerman and James Ball},
  title = 	 {Optic Nerve: millions of Yahoo webcam images intercepted by GCHQ},
  journal = 	 {The Guardian},
  year = 	 {2014},
  OPTkey = 	 {},
  OPTvolume = 	 {},
  OPTnumber = 	 {},
  OPTpages = 	 {},
  OPTmonth = 	 {},
  OPTnote = 	 {},
  OPTannote = 	 {}
}

@Article{latribune,
  author = 	 {},
  title = 	 {Le service webcam de Yahoo, l'oeil de Londres pour espionner les internautes ?},
  journal = 	 {La Tribune},
  year = 	 {2014},
  OPTkey = 	 {},
  OPTvolume = 	 {},
  OPTnumber = 	 {},
  OPTpages = 	 {},
  OPTmonth = 	 {},
  OPTnote = 	 {},
  OPTannote = 	 {}
}

@Article{sudde,
  author = 	 {Georg Mascolo and Hans Leyendecker and John Goetz},
  title = 	 {Codewort Eikonal - der Albtraum der Bundesregierung},
  journal = 	 {Suddeutsche Zeitung},
  year = 	 {2014},
  OPTkey = 	 {},
  OPTvolume = 	 {},
  OPTnumber = 	 {},
  OPTpages = 	 {},
  OPTmonth = 	 {},
  OPTnote = 	 {},
  OPTannote = 	 {}
}

@Article{NDR,
  author = 	 {Georg Mascolo and John Goetz and Demian von Osten},
  title = 	 {Codename Eikonal},
  journal = 	 {tagesschau.de},
  year = 	 {2014},
  OPTkey = 	 {},
  OPTvolume = 	 {},
  OPTnumber = 	 {},
  OPTpages = 	 {},
  OPTmonth = 	 {},
  OPTnote = 	 {},
  OPTannote = 	 {}
}

@Article{eikonal3,
  author = 	 {Andre Meister},
  title = 	 {Interne E-Mail: BND und Deutsche Telekom haben auch Osterreich, Tschechien und Luxemburg abgehort},
  journal = 	 {Netzpolitik},
  year = 	 {2015},
  OPTkey = 	 {},
  OPTvolume = 	 {},
  OPTnumber = 	 {},
  OPTpages = 	 {},
  OPTmonth = 	 {},
  OPTnote = 	 {},
  OPTannote = 	 {}
}

@Article{danemark,
  author = 	 {Anton Geist and Sebastian Gjerding and Henrik Moltke},
  title = 	 {German disclosure raises questions about Danish NSA-partnership},
  journal = 	 {information.dk},
  year = 	 {2015},
  OPTkey = 	 {},
  OPTvolume = 	 {},
  OPTnumber = 	 {},
  OPTpages = 	 {},
  OPTmonth = 	 {},
  OPTnote = 	 {},
  OPTannote = 	 {}
}

@Article{spiegel,
  author = 	 {},
  title = 	 {Spying Together: Germany's Deep Cooperation with the NSA},
  journal = 	 {Spiegel},
  year = 	 {2014},
  OPTkey = 	 {},
  OPTvolume = 	 {},
  OPTnumber = 	 {},
  OPTpages = 	 {},
  OPTmonth = 	 {},
  OPTnote = 	 {},
  OPTannote = 	 {}
}

@Article{airbus,
  author = 	 {},
  title = 	 {BND-Affare: Verdacht der Industriespionage gegen Airbus erhartet sich},
  journal = 	 {Spiegel},
  year = 	 {2015},
  OPTkey = 	 {},
  OPTvolume = 	 {},
  OPTnumber = 	 {},
  OPTpages = 	 {},
  OPTmonth = 	 {},
  OPTnote = 	 {},
  OPTannote = 	 {}
}

@Article{meta,
  author = 	 {KAI BIERMANN},
  title = 	 {BND liefert NSA 1,3 Milliarden Metadaten – jeden Monat},
  journal = 	 {Die Zeit},
  year = 	 {Year},
  OPTkey = 	 {},
  OPTvolume = 	 {},
  OPTnumber = 	 {},
  OPTpages = 	 {},
  OPTmonth = 	 {},
  OPTnote = 	 {},
  OPTannote = 	 {}
}

@Article{DGSE,
  author = 	 {Laurent Borredon and Jacques Follorou},
  title = 	 {En France, la DGSE au coeur d'un programme de surveillance d'Internet},
  journal = 	 {Le Monde},
  year = 	 {2013},
  OPTkey = 	 {},
  OPTvolume = 	 {},
  OPTnumber = 	 {},
  OPTpages = 	 {},
  OPTmonth = 	 {},
  OPTnote = 	 {},
  OPTannote = 	 {}
}

@Article{reflets,
  author = 	 {},
  title = 	 {Et si... on etait tous libyens ?},
  journal = 	 {Reflets.info},
  year = 	 {2011},
  OPTkey = 	 {},
  OPTvolume = 	 {},
  OPTnumber = 	 {},
  OPTpages = 	 {},
  OPTmonth = 	 {},
  OPTnote = 	 {},
  OPTannote = 	 {}
}

@Article{maroc,
  author = 	 {},
  title = 	 {Maroc : Le meilleur ami de la France se met au DPI grace a Amesys, la filiale de Bull},
  journal = 	 {Reflets.info},
  year = 	 {2011},
  OPTkey = 	 {},
  OPTvolume = 	 {},
  OPTnumber = 	 {},
  OPTpages = 	 {},
  OPTmonth = 	 {},
  OPTnote = 	 {},
  OPTannote = 	 {}
}

@Article{libye,
  author = 	 {PAUL SONNE And  MARGARET COKER},
  title = 	 {Firms Aided Libyan Spies},
  journal = 	 {Wall Street Journal},
  year = 	 {2011},
  OPTkey = 	 {},
  OPTvolume = 	 {},
  OPTnumber = 	 {},
  OPTpages = 	 {},
  OPTmonth = 	 {},
  OPTnote = 	 {},
  OPTannote = 	 {}
}

@Article{qosmos,
  author = 	 {Reflets - Mediapart},
  title = 	 {Surveillance: enquete sur Qosmos, le fournisseur de sondes a la Syrie d’al-Assad},
  journal = 	 {Reflets.info},
  year = 	 {20014},
  OPTkey = 	 {},
  OPTvolume = 	 {},
  OPTnumber = 	 {},
  OPTpages = 	 {},
  OPTmonth = 	 {},
  OPTnote = 	 {},
  OPTannote = 	 {}
}

@Article{fidh,
  author = 	 {FIDH},
  title = 	 {Questions/reponses sur l'affaire Qosmos},
  journal = 	 {},
  year = 	 {2012},
  OPTkey = 	 {},
  OPTvolume = 	 {},
  OPTnumber = 	 {},
  OPTpages = 	 {},
  OPTmonth = 	 {},
  OPTnote = 	 {},
  OPTannote = 	 {}
}

@Article{elexo,
  author = 	 {},
  title = 	 {Etat francais et Amesys : business as usual (bis repetita)},
  journal = 	 {Reflets.info},
  year = 	 {2015},
  OPTkey = 	 {},
  OPTvolume = 	 {},
  OPTnumber = 	 {},
  OPTpages = 	 {},
  OPTmonth = 	 {},
  OPTnote = 	 {},
  OPTannote = 	 {}
}

@Article{LR,
  author = 	 {Claude Malhuret and Francois Pellegrini},
  title = 	 {La loi renseignement, un projet liberticide en l'état},
  journal = 	 {Libération},
  year = 	 {2015},
  OPTkey = 	 {},
  OPTvolume = 	 {},
  OPTnumber = 	 {},
  OPTpages = 	 {},
  OPTmonth = 	 {},
  OPTnote = 	 {},
  OPTannote = 	 {}
}

@Article{bbf,
  author = 	 {Jacques Follorou and Franck Johannes},
  title = 	 {Révélations sur le Big Brother français},
  journal = 	 {Le Monde},
  year = 	 {2013},
  OPTkey = 	 {},
  OPTvolume = 	 {},
  OPTnumber = 	 {},
  OPTpages = 	 {},
  OPTmonth = 	 {},
  OPTnote = 	 {},
  OPTannote = 	 {}
}

@Article{herisson,
  author = 	 {},
  title = 	 {HERISSON et OSINT},
  journal = 	 {Zone d'Interet},
  year = 	 {2009},
  OPTkey = 	 {},
  OPTvolume = 	 {},
  OPTnumber = 	 {},
  OPTpages = 	 {},
  OPTmonth = 	 {},
  OPTnote = 	 {},
  OPTannote = 	 {}
}

@Article{lustre,
  author = 	 {Jacques Follorou},
  title = 	 {Surveillance : la DGSE a transmis des donnees a la NSA américaine},
  journal = 	 {Le Monde},
  year = 	 {2013},
  OPTkey = 	 {},
  OPTvolume = 	 {},
  OPTnumber = 	 {},
  OPTpages = 	 {},
  OPTmonth = 	 {},
  OPTnote = 	 {},
  OPTannote = 	 {}
}

@Article{mediapart,
  author = 	 {LOUISE FESSARD and MATHILDE MATHIEU},
  title = 	 {Antiterrorisme et grandes oreilles : le contrôle des écoutes est un casse-tête},
  journal = 	 {Mediapart},
  year = 	 {2015},
  OPTkey = 	 {},
  OPTvolume = 	 {},
  OPTnumber = 	 {},
  OPTpages = 	 {},
  OPTmonth = 	 {},
  OPTnote = 	 {},
  OPTannote = 	 {}
}

@Article{surve,
  author = 	 {Bruce Schneier},
  title = 	 {Why Mass Surveillance Can't, Won't, And Never Has Stopped A Terrorist},
  journal = 	 {Digg.com},
  year = 	 {2015},
  OPTkey = 	 {},
  OPTvolume = 	 {},
  OPTnumber = 	 {},
  OPTpages = 	 {},
  OPTmonth = 	 {},
  OPTnote = 	 {},
  OPTannote = 	 {}
}

@Article{rapport,
  author = 	 {Pieter Omtzigt},
  title = 	 {Les opérations massives de surveillance},
  journal = 	 {Conseil de l'Europe},
  year = 	 {2015},
  OPTkey = 	 {},
  OPTvolume = 	 {},
  OPTnumber = 	 {},
  OPTpages = 	 {},
  OPTmonth = 	 {},
  OPTnote = 	 {},
  OPTannote = 	 {}
}

@Article{freedom,
  author = 	 {NEEMA SINGH GULIANI},
  title = 	 {What's Next for Surveillance Reform After the USA Freedom Act},
  journal = 	 {ACLU Blog},
  year = 	 {2015},
  OPTkey = 	 {},
  OPTvolume = 	 {},
  OPTnumber = 	 {},
  OPTpages = 	 {},
  OPTmonth = 	 {},
  OPTnote = 	 {},
  OPTannote = 	 {}
}


